@misc {tag,
		author = "Author",
		title = "Title",
		year = "1000" }

@misc {Kesteren11,
		author = "Anne van Kesteren, Simon Pieters and others",
		title = "HTML5 differences from HTML4",
		year = "2011",
		url = "http://dev.w3.org/html5/html4-differences/" }

@misc {Maine11,
		author = "Kurt Maine",
		title = "Percentage of Web sites Using HTML5",
		year = "2011",
		url = "http://www.binvisions.com/articles/how-many-percentage-web-sites-using-html5/" }

@misc{W3C11,
		author = "W3C",
		title = "W3C Confirms May 2011 for HTML5 Last Call, Targets 2014 for HTML5 Standard",
		year = "2011",
		url = "http://www.w3.org/2011/02/htmlwg-pr.html" }


@misc{Bewick10,
		author = "Chris Bewick",
		title = "HTML5 Custom Data Attributes (data-*)",
		year = "2010",
		url = "http://html5doctor.com/html5-custom-data-attributes/"}

@misc{Kelly11,
		author = "Matt Kelly",
		title = "Introducing HTML5 Resource Center",
		year = "2011",
		url = "http://developers.facebook.com/blog/post/583"}

@misc{W3Tech11,
		author = "W3Tech",
		title = "Usage of JavaScript libraries for websites",
		year = "2011",
		url = "http://w3techs.com/technologies/overview/javascript_library/all"}

@misc{Schiller07,
		author = "Scott Schiller",
		title = "SoundManager 2: JavaScript Sound For The Web",
		year = "2007",
		url = "http://www.schillmania.com/content/projects/soundmanager2/"}